<record><leader>00000cas a22000007a 4500</leader><controlfield tag="001">33022838</controlfield><controlfield tag="008">950822d19071933nyuwr ne      0    0eng d</controlfield><datafield ind1=" " ind2=" " tag="010"><subfield code="a">sn 95071271 </subfield></datafield><datafield ind1=" " ind2=" " tag="040"><subfield code="a">NYS</subfield><subfield code="b">eng</subfield><subfield code="c">NYS</subfield><subfield code="d">OCLCQ</subfield></datafield><datafield ind1=" " ind2=" " tag="042"><subfield code="a">msc</subfield></datafield><datafield ind1="0" ind2="4" tag="245"><subfield code="a">The North Hempstead record.</subfield></datafield><datafield ind1="1" ind2="3" tag="246"><subfield code="a">North Hempstead record combined with the Long Island globe</subfield><subfield code="g">1925</subfield></datafield><datafield ind1="1" ind2="7" tag="246"><subfield code="a">North Hempstead record and Long Island globe</subfield><subfield code="g">1933</subfield></datafield><datafield ind1=" " ind2=" " tag="260"><subfield code="a">Great Neck, N.Y. :</subfield><subfield code="b">George H. Kennahan</subfield></datafield><datafield ind1=" " ind2=" " tag="300"><subfield code="a">v.</subfield></datafield><datafield ind1=" " ind2=" " tag="310"><subfield code="a">Weekly</subfield></datafield><datafield ind1="1" ind2=" " tag="362"><subfield code="a">Began in 1907?</subfield><subfield code="z">Cf. Sealock &amp; Seely. Long Island bibl.</subfield></datafield><datafield ind1="0" ind2=" " tag="362"><subfield code="a">-v. 27, no. 23 (June 8, 1933).</subfield></datafield><datafield ind1=" " ind2=" " tag="500"><subfield code="a">"Great Neck, Little Neck, Manhasset," &lt;1933&gt;.</subfield></datafield><datafield ind1=" " ind2=" " tag="588"><subfield code="a">Description based on: Vol. 11, no. 42 (Jan. 4, 1918).</subfield></datafield><datafield ind1=" " ind2="4" tag="651"><subfield code="a">Great Neck (N.Y.)</subfield><subfield code="v">Newspapers.</subfield></datafield><datafield ind1=" " ind2="4" tag="651"><subfield code="a">Manhasset (N.Y.)</subfield><subfield code="x">Newspapers</subfield><subfield code="y">&lt;1933&gt;</subfield></datafield><datafield ind1=" " ind2="4" tag="651"><subfield code="a">North Hempstead (N.Y. : Town)</subfield><subfield code="v">Newspapers.</subfield></datafield><datafield ind1=" " ind2="4" tag="651"><subfield code="a">Nassau County (N.Y.)</subfield><subfield code="v">Newspapers.</subfield></datafield><datafield ind1=" " ind2=" " tag="752"><subfield code="a">United States</subfield><subfield code="b">New York</subfield><subfield code="c">Nassau</subfield><subfield code="d">Great Neck.</subfield></datafield><datafield ind1="0" ind2="5" tag="780"><subfield code="t">Long Island globe</subfield></datafield><datafield ind1="0" ind2="0" tag="785"><subfield code="t">Great Neck record (Great Neck, N.Y. : 1933)</subfield><subfield code="w">(DLC)sn 95071066</subfield><subfield code="w">(OCoLC)31682622</subfield></datafield><datafield ind1="1" ind2=" " tag="029"><subfield code="a">AU@</subfield><subfield code="b">000025898626</subfield></datafield></record>